<?xml version="1.0"?>
<record xmlns="http://www.loc.gov/MARC21/slim"><leader>02924nam a22001810  450 </leader><controlfield tag="001">21528773</controlfield><controlfield tag="005">20180924151503.0</controlfield><controlfield tag="008">000000s1996    dk ||||       00| | dan d</controlfield><datafield tag="084" ind1=" " ind2=" "><subfield code="a">08.0000</subfield><subfield code="2">z</subfield></datafield><datafield tag="245" ind1="0" ind2="0"><subfield code="a">Tegns&#xE6;t-test til Indvandrerbiblioteket.</subfield></datafield><datafield tag="260" ind1=" " ind2=" "><subfield code="b">[S.n.].</subfield></datafield><datafield tag="500" ind1=" " ind2=" "><subfield code="a">, &#x1A1;, &#x1A0;, &#x1B0;, &#x1AF;, slavisk b&#xF8;dt tegn: &#x2B9;t, &#x2B9;, &#x2B9;d, &#x2B9;T, &#x2B9;D,nyt:skema 7: &#x2191;. &#x2193;, \, skema 1: &#x393;, &#x394;, &#x398;, &#x39B;, &#x39E;, &#x3A0;, &#x3A3;, &#x3A6;, &#x3A9;, &#x3B1;, &#x3B2;, &#x3B3;, &#x3B4;, &#x3B5;, &#x3B6; , &#x3B7;, &#x3B8;, &#x3B9;, &#x3BA;, &#x3BB;, &#x3BC;, &#x3BD;, &#x3BE;, &#x3BF;, &#x3C0;, &#x3C1;, &#x3C3;, &#x3C4;, &#x3C5;, &#x3C6;, &#x3C7;, &#x3A8;, &#x3C9;, &#x3C2;.</subfield></datafield><datafield tag="500" ind1=" " ind2=" "><subfield code="a">(under stjerne) eller &#xE0; (ved aigu)?, aigu: &#xE1;, &#xE2;, &#xF1;, dobbelt tilde: ~%Tn, a&#x304; NYT: slavisk h&#xE5;rdt tegn: &#x2BA;, &#x2BA;o, &#x2BA;a, &#x2BA;O. ayn: ta%Ya. dobbelt tilde: &#xE3;%Ta, ~%T, &#xF1;%Tn. ligatur: a&#xFE20;a&#xFE21;. aigu: med tegn (nederste) &#xE1;, 'A, &#xFA;, &#xED;, 'I, &#xF3;, &#xD3;, &#xFD;, &#xDD;, &#xE9;, &#xC9; aigu med  &#x308;&#xE1;, &#xFA;, &#xED;, &#xE9;. grave med tegn: &#xE0;, &#xC0;, &#xF9;, &#xD9;, y&#x300; &#xF2;, &#xD2;, &#xEC;, &#xCC;,&#xE8;, &#xC8; med .&#x308;</subfield></datafield><datafield tag="500" ind1=" " ind2=" "><subfield code="a">g&#x306;, a&#x307;, &#xE4;, hacek: a&#x30C;, &#xE5;, ligatur: a&#xFE20; a&#xFE21;, k&#x315;, o&#x30B;, &#xE7; &#xC7;, s&#x31C;, a&#x310;, NYT skema 7: &#x2191;, &#x2193;, \, dobbelt understreg: k&#x333;.</subfield></datafield><datafield tag="504" ind1=" " ind2=" "><subfield code="a">skema 4: &#xE1;, 'A, &#xE9;, &#xC9;, &#xED;, 'I, &#xF3;, &#xFD;, &#xDD;, &#xC1;, I&#x301;, &#xDA;, grave: &#xE0;, &#xC0;, &#xE8;, &#xC8;, &#xEC;, &#xCC;, &#xF2;,NYT: aigu: &#xC1;, &#xDA; el 'A, 'U. h&#xE5;rd blank: a&#xA0;a. promille: &#x2030;. h&#xF8;jrepil: &#x2192;. 0303: &#xF9;, &#xD9;, \ (backslash), promille: &#x2030;,  obb. aigu: o&#x30B;, O&#x30B;, u&#x30B;, U&#x30B;, &#x1A1;&#x323;, &#x1B0;&#x323;, &#x1A1;&#x309;, &#x1A1;&#x301;.</subfield></datafield><datafield tag="505" ind1="0" ind2=" "><subfield code="a">a&#x32E;, h&#xF8;jrekrog: u&#x328; o&#x328;, t&#x323;, t&#x324;, t&#x325;, k&#x333;, E&#x308; (trema), a&#x325;, a&#x333;, a&#x326;, e&#x308;</subfield></datafield><datafield tag="520" ind1="8" ind2=" "><subfield code="a">a, b, c, d, e, f, g, h, i, j, k, l, m, n, o, p, q, r ,s, t, u, v, w, x, y, z, &#xE6; ,&#xF8;, &#xE5;, A, B, C, D, E, F, G, H, I, J, K, L, M, N, O, P, Q, R, S, T, U, V, W, X, Y, Z, &#xC6;, &#xD8;, &#xC5;, 1, 2, 3, 4, 5, 6, 7, 8, 9, 0, +, !, "a", #, , %, &amp;, /, (, ), =. ?, &#xE1;, &#xE0;, &#xFC;, &#xA3;, $, [, ], {, }, &#xE2;, &#xF1;, &lt;, &gt;, \, ., -, ;, :, ,&#x332; &#xA733;, &#xA732;, &#xFC;, &#xDC;, &#xE4;, &#xC4;, &#xF6;, &#xD6;, &#xDF;, &#x138;, &#xF0;, &#x111;, &#xD0;, &#xFE;, &#xDE;, &#x153;, &#x152;, &#x142;, &#x141;, &#x131; % a&#x32E;, a&#x328;, a&#x323;, a&#x324;, a&#x325;, a&#x333;, a&#x326;, e&#x308;, , &#xD2;, 'u, &#xD9;, y&#x300;, circonflex: &#xE2;, &#xC2;, &#xEA;, &#xCA;, &#xEE;, &#xCE;, &#xF4;, &#xD4;, &#xFB;, &#xDB;, tilde: &#xE3;, &#xC3;, &#xF1;, &#xD1;, &#xF5;, &#xD5;, e&#x308;, E&#x308;, I&#x308;, &#x131;&#x308;, y&#x308;, E&#x308;, I&#x308;, &#xE4;, &#xE7; &#xC7;, s&#x327;, blank: a a, !, ", ', (, ), ,, -, ., /, :, ;, ?, &#xBB;, &#xAB;, [, ], {, }, &#xBF;, &#xA1;, &#x2014;,  &#x309;u&#x309;, a&#xA0;a, skema 6: #, $, %, &amp;, *, +, &lt;, &gt;, =, &#x2260;, &#xB7;, &#x266D;, &#xAE;, &#xB1;, &#xA3;, aragraf kan ikke &#xB0;, &#x2020;, &#x2030;, &#x222B;, &#x221E;, &#x221A;, &#xF7;, &#x2192;, &#xD7;, skema 7: &#x2191;. &#x2193;, \, skema 1: &#x393;, &#x394;, &#x398;, &#x39B;, &#x39E;, &#x3A0;, &#x3A3;, &#x3A6;, &#x3A9;, &#x3B1;, &#x3B2;, &#x3B3;, &#x3B4;, &#x3B5;, &#x3B6;, &#x3B7;, &#x3B8;, &#x3B9;, &#x3BA;, &#x3BB;, &#x3BC;, &#x3BD;, &#x3BE;, &#x3BF;, &#x3C0;, &#x3C1;, &#x3C3;, &#x3C4;, &#x3C5;, &#x3C6;, &#x3C7;, &#x3A8;, &#x3C9;, &#x3C2; vietn: A&#x309;, &#x1A1;, &#x1B0;, o&#x309;, &#x1A1;&#x300;, &#x1B0;&#x300;, &#x1A1;&#x301;, &#x1B0;&#x301;, &#xD0;, &#x111;.</subfield></datafield><datafield tag="546" ind1=" " ind2=" "><subfield code="a">slavisk h&#xE5;rdt tegn: #2, &#x2BA;o, &#x2BA;O, alif: &#x2BC;, ayn: &#x2BB;a, ta&#x2BB;a,  &#x332;, grave: 'a NYT: vietn: A&#x309;, &#x1A1;, &#x1B0;, o&#x309;, &#x1A1;&#x300;, &#x1B0;&#x300;, &#x1A1;&#x301;, &#x1B0;&#x301;, &#xD0;, &#x111;.</subfield></datafield></record>
